@article{aan,
  year = {2013},
  issn = {1574-020X},
  journal = {Language Resources and Evaluation},
  doi = {10.1007/s10579-012-9211-2},
  title = {The ACL anthology network corpus},
  url = {http://dx.doi.org/10.1007/s10579-012-9211-2},
  publisher = {Springer Netherlands},
  keywords = {ACL Anthology Network; Bibliometrics; Scientometrics; Citation analysis; Citation summaries},
  author = {Radev, DragomirR. and Muthukrishnan, Pradeep and Qazvinian, Vahed and Abu-Jbara, Amjad},
  pages = {1-26},
  language = {English}
}

@inproceedings{contributed,
 author = {Sch\"{a}fer, Ulrich and Read, Jonathon and Oepen, Stephan},
 title = {Towards an ACL Anthology Corpus with Logical Document Structure: An Overview of the ACL 2012 Contributed Task},
 booktitle = {Proceedings of the ACL-2012 Special Workshop on Rediscovering 50 Years of Discoveries},
 series = {ACL '12},
 year = {2012},
 location = {Jeju Island, Korea},
 pages = {88--97},
 numpages = {10},
 url = {http://dl.acm.org/citation.cfm?id=2390507.2390520},
 acmid = {2390520},
 publisher = {Association for Computational Linguistics},
 address = {Stroudsburg, PA, USA},
} 

@INPROCEEDINGS{langid,
    author = {Marco Lui and Timothy Baldwin},
    title = {Cross-domain feature selection for language identification},
    booktitle = {In Proceedings of 5th International Joint Conference on Natural Language Processing},
    year = {2011},
    pages = {553--561}
}



@online{censusfemale,
    author    = "US Census ",
    title     = "Females names distribution.",
    url       = "https://www2.census.gov/topics/genealogy/1990surnames/dist.female.first",
    keywords  = "female names, us census, gov"
}

@online{censusmale,
    author    = "US Census ",
    title     = "Females names distribution.",
    url       = "https://www2.census.gov/topics/genealogy/1990surnames/dist.male.first",
    keywords  = "female names, us census, gov"
}

@Book{P2,
  author     = "Chen-Chung Chang and H. Jerome Keisler",
  title      = "Model Theory",
  publisher  = "North-Holland",
  edition   = {Third},
  year       = 1990,
}

@inproceedings{P1,
  author    = {Hiroki Arimura},
  title     = {Learning Acyclic First-Order Horn Sentences from Entailment},
  booktitle = {Proc. of the 8th Intl. Conf. on Algorithmic Learning Theory, ALT '97},
  year      = {1997},
  pages     = {432-445},
  ee        = {http://dx.doi.org/10.1007/3-540-63577-7_59},
  bibsource = {DBLP, http://dblp.uni-trier.de}
}


